%%Reference List


		@book{adaptivefilter,
	Author = {Simon Haykin},
	Date-Added = {2014-08-23 20:37:06 +0000},
	Date-Modified = {2014-08-23 20:38:47 +0000},
	Edition = {5th},
	Number = {ISBN-13, 978-0-273-76408-3},
	Publisher = {Pearson},
	Title = {Adaptive filter theory},
	Year = {2014}}
	
			@book{asp,
	Author = {Håkan Hjalmarsson and Björn Ottersten},
	Date-Added = {2009-01-13},
	Date-Modified = {},
	Edition = {},
	Number = {},
	Publisher = {KTH Edition},
	Title = {Lecture Notes in Adaptive Signal Processing (EQ2400)},
	Year = {2010}}
	
	
	@article{speech,
    author    = "Yariv Ephraim",
    title     = "Speech Enhancement Using a Minimum Mean-Square Error Short-Time Spectral Amplitude Estimator",
    journal   = "IEEE Transactions on Acoutstic, Speech, and Signal Processing",
    %volume   = "ASSP-32",
    %number   = "6",
    %pages    = "13",
    year      = "1984",
    %month    = "December",
    %note     = "",
}