%%Reference List

		@book{slide,
	Author = {Anna Wahl},
	Date-Added = {2014-08-23 20:37:06 +0000},
	Date-Modified = {2014-08-23 20:38:47 +0000},
	Edition = {},
	Number = {},
	Publisher = {KTH},
	Title = {Leadership in Cross-Cultural Context Slides},
	Year = {2014}}
	
	
		@book{yukl,
	Author = {Gary Yukl},
	Date-Added = {2014-08-23 20:37:06 +0000},
	Date-Modified = {2014-08-23 20:38:47 +0000},
	Edition = {7th},
	Number = {ISBN-13, 97B-0-13-815714-2},
	Publisher = {Pearson},
	Title = {Leadership in Organizations},
	Year = {2010}}
	
	
	@book{wahl,
	Author = {Anna Wahl},
	Date-Added = {2014-08-23 20:37:06 +0000},
	Date-Modified = {2014-08-23 20:38:47 +0000},
	Edition = {},
	Number = {},
	Publisher = {Nordic Lights},
	Title = {Gendering Management},
	Year = {2013}}
